<?xml version="1.0" encoding="UTF-8"?><collection xmlns="http://www.loc.gov/MARC21/slim"><record><leader>00511nam--2200181-i-4500</leader><controlfield tag="001">000001249</controlfield><controlfield tag="002">20161230</controlfield><controlfield tag="005">20161230201024</controlfield><controlfield tag="008">060222s1000------------r-----000-0-eng-d</controlfield><datafield ind1=" " ind2=" " tag="040"><subfield code="a">IFIN-HH</subfield></datafield><datafield ind1=" " ind2=" " tag="080"><subfield code="a">548.732</subfield></datafield><datafield ind1="1" ind2=" " tag="100"><subfield code="a">Henry, N.F.M</subfield></datafield><datafield ind1="1" ind2="0" tag="245"><subfield code="a">The interpretation of x-ray diffraction photographs</subfield><subfield code="c">N.f.m. henry, h. lipson, w.a. wooster</subfield></datafield><datafield ind1=" " ind2=" " tag="260"><subfield code="a">London</subfield><subfield code="b">Mcmillan &amp; Co., Limited</subfield><subfield code="c">1960</subfield></datafield><datafield ind1=" " ind2=" " tag="300"><subfield code="a">X + 282 P</subfield></datafield><datafield ind1="1" ind2=" " tag="700"><subfield code="a">Wooster, W.A</subfield></datafield><datafield ind1=" " ind2=" " tag="852"><subfield code="a">10116</subfield><subfield code="c">537.531</subfield></datafield><datafield ind1=" " ind2=" " tag="CAT"><subfield code="a">Sys</subfield><subfield code="c">20110808</subfield><subfield code="h">093508</subfield></datafield></record></collection>